
@article{bodnar_validating_2013,
	title = {Validating models for disease detection using twitter},
	number = {699-702},
	journal = {Proceedings of the 22nd international conference on World Wide Web companion},
	author = {Bodnar, Todd and Salathé, Marcel},
	year = {2013},
	note = {bibtex: bodnar\_validating\_2013},
	file = {Bodnar and Salathé 2013_ValidatingModelsForDiseaseDetection.pdf:/home/drosoneuro/.zotero/zotero/q7gual83.default/zotero/storage/GRV8GPXT/Bodnar and Salathé 2013_ValidatingModelsForDiseaseDetection.pdf:application/pdf}
}

@article{paul_you_2011,
	title = {You are what you {Tweet}: {Analyzing} {Twitter} for public health.},
	volume = {20},
	shorttitle = {You are what you {Tweet}},
	url = {http://www.aaai.org/ocs/index.php/ICWSM/ICWSM11/paper/viewFile/2880/3264.},
	urldate = {2016-04-02},
	journal = {ICWSM},
	author = {Paul, Michael J. and Dredze, Mark},
	year = {2011},
	pages = {265--272},
	file = {Paul and Dredze 2011_YouAreWhatYouTweet.pdf:/home/drosoneuro/.zotero/zotero/q7gual83.default/zotero/storage/RCCAIK6E/Paul and Dredze 2011_YouAreWhatYouTweet.pdf:application/pdf}
}

@article{olson_reassessing_2013,
	title = {Reassessing {Google} {Flu} {Trends} {Data} for {Detection} of {Seasonal} and {Pandemic} {Influenza}: {A} {Comparative} {Epidemiological} {Study} at {Three} {Geographic} {Scales}},
	volume = {9},
	issn = {1553-7358},
	shorttitle = {Reassessing {Google} {Flu} {Trends} {Data} for {Detection} of {Seasonal} and {Pandemic} {Influenza}},
	url = {http://dx.plos.org/10.1371/journal.pcbi.1003256},
	doi = {10.1371/journal.pcbi.1003256},
	language = {en},
	number = {10},
	urldate = {2016-04-02},
	journal = {PLoS Computational Biology},
	author = {Olson, Donald R. and Konty, Kevin J. and Paladini, Marc and Viboud, Cecile and Simonsen, Lone},
	editor = {Ferguson, Neil},
	month = oct,
	year = {2013},
	pages = {e1003256},
	file = {Olson et al. 2013_ReassessingGoogleFluTrendsData.PDF:/home/drosoneuro/.zotero/zotero/q7gual83.default/zotero/storage/GERH6ZSD/Olson et al. 2013_ReassessingGoogleFluTrendsData.PDF:application/pdf}
}

@article{butler_when_2013,
	title = {When {Google} got flu wrong},
	volume = {494},
	number = {7436},
	journal = {Nature},
	author = {Butler, Declan},
	year = {2013},
	pages = {155},
	file = {Butler 2013_WhenGoogleGotTheFluWrong.pdf:/home/drosoneuro/.zotero/zotero/q7gual83.default/zotero/storage/8ARZXCDJ/Butler 2013_WhenGoogleGotTheFluWrong.pdf:application/pdf}
}

@article{salathe_digital_2012,
	title = {Digital epidemiology},
	volume = {8},
	url = {http://journals.plos.org/ploscompbiol/article?id=10.1371/journal.pcbi.1002616},
	number = {7},
	urldate = {2016-04-02},
	journal = {PLoS Comput Biol},
	author = {Salathe, Marcel and Bengtsson, Linus and Bodnar, Todd J. and Brewer, Devon D. and Brownstein, John S. and Buckee, Caroline and Campbell, Ellsworth M. and Cattuto, Ciro and Khandelwal, Shashank and Mabry, Patricia L. and {others}},
	year = {2012},
	pages = {e1002616},
	file = {Salathé et al. 2012_DigitalEpidemiology.pdf:/home/drosoneuro/.zotero/zotero/q7gual83.default/zotero/storage/DVAABPG7/Salathé et al. 2012_DigitalEpidemiology.pdf:application/pdf}
}

@article{ginsberg_detecting_2009,
	title = {Detecting influenza epidemics using search engine query data},
	volume = {457},
	issn = {0028-0836, 1476-4687},
	url = {http://www.nature.com/doifinder/10.1038/nature07634},
	doi = {10.1038/nature07634},
	number = {7232},
	urldate = {2016-04-02},
	journal = {Nature},
	author = {Ginsberg, Jeremy and Mohebbi, Matthew H. and Patel, Rajan S. and Brammer, Lynnette and Smolinski, Mark S. and Brilliant, Larry},
	month = feb,
	year = {2009},
	pages = {1012--1014},
	file = {Ginsberg et al. 2009_DetectingInfluenzaEpidemicsUsingSearchEngineQueryData.pdf:/home/drosoneuro/.zotero/zotero/q7gual83.default/zotero/storage/5CZD5MKX/Ginsberg et al. 2009_DetectingInfluenzaEpidemicsUsingSearchEngineQueryData.pdf:application/pdf}
}

@article{campbell_complex_2013,
	title = {Complex social contagion makes networks more vulnerable to disease outbreaks},
	volume = {3},
	issn = {2045-2322},
	url = {http://www.nature.com/articles/srep01905},
	doi = {10.1038/srep01905},
	urldate = {2016-04-02},
	journal = {Scientific Reports},
	author = {Campbell, Ellsworth and Salathé, Marcel},
	month = may,
	year = {2013},
	file = {Campbell and Salathé 2013_ComplexSocialContagionMakesNetworksMoreVulnerable.pdf:/home/drosoneuro/.zotero/zotero/q7gual83.default/zotero/storage/DMTIUV9H/Campbell and Salathé 2013_ComplexSocialContagionMakesNetworksMoreVulnerable.pdf:application/pdf}
}

@article{grubbs_procedures_1969,
	title = {Procedures for detecting outlying observations in samples},
	volume = {11},
	number = {1},
	journal = {Technometrics},
	author = {Grubbs, Frank E},
	year = {1969},
	note = {bibtex: grubbs\_procedures\_1969},
	pages = {1--21},
	file = {Grubbs 1969_ProceduresForDetectingOutlyingObservationsInSamples.pdf:/home/drosoneuro/.zotero/zotero/q7gual83.default/zotero/storage/WTINDB4F/Grubbs 1969_ProceduresForDetectingOutlyingObservationsInSamples.pdf:application/pdf}
}

@misc{bodnar_data_2015,
	title = {Data science with social media for epidemiology and public health},
	author = {Bodnar, Todd},
	year = {2015},
	file = {ToddBodnar-Dissertation.pdf:/home/drosoneuro/.zotero/zotero/q7gual83.default/zotero/storage/KRDPR54D/ToddBodnar-Dissertation.pdf:application/pdf}
}

@inproceedings{lamb_separating_2013,
	title = {Separating {Fact} from {Fear}: {Tracking} {Flu} {Infections} on {Twitter}.},
	shorttitle = {Separating {Fact} from {Fear}},
	url = {http://www.aclweb.org/anthology/N/N13/N13-1097.pdf},
	urldate = {2016-04-02},
	booktitle = {{HLT}-{NAACL}},
	author = {Lamb, Alex and Paul, Michael J. and Dredze, Mark},
	year = {2013},
	pages = {789--795},
	file = {Lamb et al. 2013_SeparatingFactFromFear.pdf:/home/drosoneuro/.zotero/zotero/q7gual83.default/zotero/storage/QNUMAVBG/Lamb et al. 2013_SeparatingFactFromFear.pdf:application/pdf}
}

@article{friesema_internet-based_2009,
	title = {Internet-based monitoring of influenza-like illness in the general population: {Experience} of five influenza seasons in the {Netherlands}},
	volume = {27},
	issn = {0264410X},
	shorttitle = {Internet-based monitoring of influenza-like illness in the general population},
	url = {http://linkinghub.elsevier.com/retrieve/pii/S0264410X09007464},
	doi = {10.1016/j.vaccine.2009.05.042},
	language = {en},
	number = {45},
	urldate = {2016-04-02},
	journal = {Vaccine},
	author = {Friesema, I.H.M. and Koppeschaar, C.E. and Donker, G.A. and Dijkstra, F. and van Noort, S.P. and Smallenburg, R. and van der Hoek, W. and van der Sande, M.A.B.},
	month = oct,
	year = {2009},
	pages = {6353--6357},
	file = {Friesma et al. 2006_InternetBasedMonitoringOfInfluenzaLikeIllness.pdf:/home/drosoneuro/.zotero/zotero/q7gual83.default/zotero/storage/W92V3CZZ/Friesma et al. 2006_InternetBasedMonitoringOfInfluenzaLikeIllness.pdf:application/pdf}
}

@inproceedings{stoto_syndromic_2007,
	title = {Syndromic surveillance in public health practice},
	url = {http://www18.georgetown.edu/data/people/stotom/publication-25920.pdf},
	urldate = {2016-04-02},
	booktitle = {Institute of {Medicine}, ed. {Infectious} {Disease} {Surveillance} and {Detection} ({Workshop} {Report})},
	author = {Stoto, Michael A.},
	year = {2007},
	pages = {63--72},
	file = {_publication-25920.pdf:/home/drosoneuro/.zotero/zotero/q7gual83.default/zotero/storage/4MGZ79MT/_publication-25920.pdf:application/pdf}
}

@article{smieszek_how_2014,
	title = {How should social mixing be measured: comparing web-based survey and sensor-based methods},
	volume = {14},
	shorttitle = {How should social mixing be measured},
	url = {http://www.biomedcentral.com/1471-2334/14/136/},
	number = {1},
	urldate = {2016-04-02},
	journal = {BMC infectious diseases},
	author = {Smieszek, Timo and Barclay, Victoria C. and Seeni, Indulaxmi and Rainey, Jeanette J. and Gao, Hongjiang and Uzicanin, Amra and Salathé, Marcel},
	year = {2014},
	pages = {136},
	file = {Smieszek et al. 2014_HowShouldSocialMixingBeMeasured.pdf:/home/drosoneuro/.zotero/zotero/q7gual83.default/zotero/storage/6RK8SQWB/Smieszek et al. 2014_HowShouldSocialMixingBeMeasured.pdf:application/pdf}
}

@article{goel_predicting_2010,
	title = {Predicting consumer behavior with {Web} search},
	volume = {107},
	issn = {0027-8424, 1091-6490},
	url = {http://www.pnas.org/cgi/doi/10.1073/pnas.1005962107},
	doi = {10.1073/pnas.1005962107},
	language = {en},
	number = {41},
	urldate = {2016-04-02},
	journal = {Proceedings of the National Academy of Sciences},
	author = {Goel, S. and Hofman, J. M. and Lahaie, S. and Pennock, D. M. and Watts, D. J.},
	month = oct,
	year = {2010},
	pages = {17486--17490},
	file = {Goel et al. 2010_PredictingConsumerBehaviourWithWebSearch.pdf:/home/drosoneuro/.zotero/zotero/q7gual83.default/zotero/storage/CZSUVI4I/Goel et al. 2010_PredictingConsumerBehaviourWithWebSearch.pdf:application/pdf}
}

@article{vayena_ethical_2015,
	title = {Ethical {Challenges} of {Big} {Data} in {Public} {Health}},
	volume = {11},
	issn = {1553-7358},
	url = {http://dx.plos.org/10.1371/journal.pcbi.1003904},
	doi = {10.1371/journal.pcbi.1003904},
	language = {en},
	number = {2},
	urldate = {2016-04-02},
	journal = {PLOS Computational Biology},
	author = {Vayena, Effy and Salathé, Marcel and Madoff, Lawrence C. and Brownstein, John S.},
	editor = {Bourne, Philip E.},
	month = feb,
	year = {2015},
	keywords = {unread},
	pages = {e1003904},
	file = {Vayena et al. 2014_EthicalChallengesOfBigDataInPublicHealth.pdf:/home/drosoneuro/.zotero/zotero/q7gual83.default/zotero/storage/9JE39E45/Vayena et al. 2014_EthicalChallengesOfBigDataInPublicHealth.pdf:application/pdf}
}

@article{heymann_hot_2001,
	title = {Hot spots in a wired world: {WHO} surveillance of emerging and re-emerging infectious diseases},
	volume = {1},
	shorttitle = {Hot spots in a wired world},
	url = {http://www.sciencedirect.com/science/article/pii/S1473309901001487},
	number = {5},
	urldate = {2016-04-02},
	journal = {The Lancet infectious diseases},
	author = {Heymann, David L. and Rodier, Guénaël R. and {others}},
	year = {2001},
	pages = {345--353},
	file = {Heymann and Rodier 2001_HotSpotsInAWiredWorld.pdf:/home/drosoneuro/.zotero/zotero/q7gual83.default/zotero/storage/7UUNF466/Heymann and Rodier 2001_HotSpotsInAWiredWorld.pdf:application/pdf}
}

@inproceedings{culotta_towards_2010,
	title = {Towards detecting influenza epidemics by analyzing {Twitter} messages},
	url = {http://dl.acm.org/citation.cfm?id=1964874},
	urldate = {2016-04-02},
	booktitle = {Proceedings of the first workshop on social media analytics},
	publisher = {ACM},
	author = {Culotta, Aron},
	year = {2010},
	pages = {115--122},
	file = {Culotta 2010_TowardsDetectingInfluenzaEpidemics.pdf:/home/drosoneuro/.zotero/zotero/q7gual83.default/zotero/storage/PQUC9W3X/Culotta 2010_TowardsDetectingInfluenzaEpidemics.pdf:application/pdf}
}

@article{olson_monitoring_2007,
	title = {Monitoring the impact of influenza by age: emergency department fever and respiratory complaint surveillance in {New} {York} {City}},
	volume = {4},
	shorttitle = {Monitoring the impact of influenza by age},
	url = {http://journals.plos.org/plosmedicine/article?id=10.1371/journal.pmed.0040247},
	number = {8},
	urldate = {2016-04-02},
	journal = {PLoS Med},
	author = {Olson, Donald R. and Heffernan, Richard T. and Paladini, Marc and Konty, Kevin and Weiss, Don and Mostashari, Farzad},
	year = {2007},
	pages = {e247},
	file = {_journal.pmed.0040247.PDF:/home/drosoneuro/.zotero/zotero/q7gual83.default/zotero/storage/TK979A8J/_journal.pmed.0040247.PDF:application/pdf}
}

@inproceedings{bodnar_ground_2014,
	title = {On the ground validation of online diagnosis with {Twitter} and medical records},
	isbn = {978-1-4503-2745-9},
	url = {http://dl.acm.org/citation.cfm?doid=2567948.2579272},
	doi = {10.1145/2567948.2579272},
	language = {en},
	urldate = {2016-04-02},
	publisher = {ACM Press},
	author = {Bodnar, Todd and Barclay, Victoria C. and Ram, Nilam and Tucker, Conrad S. and Salathé, Marcel},
	year = {2014},
	note = {bibtex: bodnar\_ground\_2014},
	pages = {651--656},
	file = {Bodnar et al. 2014_OnTheGroundValidationOfOnlineDiagnosis.pdf:/home/drosoneuro/.zotero/zotero/q7gual83.default/zotero/storage/463DUT97/Bodnar et al. 2014_OnTheGroundValidationOfOnlineDiagnosis.pdf:application/pdf}
}

@article{sloan_who_2015,
	title = {Who {Tweets} with {Their} {Location}? {Understanding} the {Relationship} between {Demographic} {Characteristics} and the {Use} of {Geoservices} and {Geotagging} on {Twitter}},
	volume = {10},
	issn = {1932-6203},
	shorttitle = {Who {Tweets} with {Their} {Location}?},
	url = {http://www.ncbi.nlm.nih.gov/pmc/articles/PMC4636345/},
	doi = {10.1371/journal.pone.0142209},
	abstract = {In this paper we take advantage of recent developments in identifying the demographic characteristics of Twitter users to explore the demographic differences between those who do and do not enable location services and those who do and do not geotag their tweets. We discuss the collation and processing of two datasets—one focusing on enabling geoservices and the other on tweet geotagging. We then investigate how opting in to either of these behaviours is associated with gender, age, class, the language in which tweets are written and the language in which users interact with the Twitter user interface. We find statistically significant differences for both behaviours for all demographic characteristics, although the magnitude of association differs substantially by factor. We conclude that there are significant demographic variations between those who opt in to geoservices and those who geotag their tweets. Not withstanding the limitations of the data, we suggest that Twitter users who publish geographical information are not representative of the wider Twitter population.},
	number = {11},
	journal = {PLoS ONE},
	author = {Sloan, Luke and Morgan, Jeffrey},
	month = nov,
	year = {2015},
	pmid = {26544601},
	pmcid = {PMC4636345},
	file = {PubMed Central Full Text PDF:/home/drosoneuro/.zotero/zotero/q7gual83.default/zotero/storage/ZJHBEVM6/Sloan and Morgan - 2015 - Who Tweets with Their Location Understanding the .pdf:application/pdf}
}

@misc{twitter_twitter_2013_annual_report_2013,
	title = {Twitter\_2013\_Annual\_Report},
	url = {http://files.shareholder.com/downloads/AMDA-2F526X/4733143221x0x742484/A418947A-E065-4822-8BD4-00FA8EB4E795/Twitter_2013_Annual_Report_-_FINAL.pdf},
	urldate = {2017-06-30},
	author = {Twitter},
	year = {2013},
	file = {Twitter_2013_Annual_Report_-_FINAL.pdf:/home/drosoneuro/.zotero/zotero/q7gual83.default/zotero/storage/WP7ZJSHT/Twitter_2013_Annual_Report_-_FINAL.pdf:application/pdf}
}

@article{goff_surveillance_2015,
	title = {Surveillance of {Acute} {Respiratory} {Infections} {Using} {Community}-{Submitted} {Symptoms} and {Specimens} for {Molecular} {Diagnostic} {Testing}},
	issn = {2157-3999},
	url = {http://currents.plos.org/outbreaks/?p=58984},
	doi = {10.1371/currents.outbreaks.0371243baa7f3810ba1279e30b96d3b6},
	language = {en},
	urldate = {2016-10-10},
	journal = {PLoS Currents},
	author = {Goff, Jennifer and Rowe, Aaron and Brownstein, John S. and Chunara, Rumi},
	year = {2015},
	file = {Surveillance of Acute Respiratory Infections Using Community-Submitted Symptoms and Specimens for Molecular Diagnostic Testing – PLOS Currents Outbreaks.pdf:/home/drosoneuro/.zotero/zotero/q7gual83.default/zotero/storage/7CFBXR65/Surveillance of Acute Respiratory Infections Using Community-Submitted Symptoms and Specimens for Molecular Diagnostic Testing – PLOS Currents Outbreaks.pdf:application/pdf}
}

@misc{bundesamt_fur_gesundheit_saisonale_2016,
	title = {Saisonale {Grippe} ({Influenza})},
	url = {https://www.bag.admin.ch/bag/de/home/themen/mensch-gesundheit/uebertragbare-krankheiten/infektionskrankheiten-a-z/grippe.html},
	urldate = {2017-06-24},
	journal = {www.bag.admin.ch},
	author = {Bundesamt für Gesundheit},
	month = dec,
	year = {2016},
	file = {Saisonale Grippe (Influenza):/home/drosoneuro/.zotero/zotero/q7gual83.default/zotero/storage/2NVGH7WW/grippe.html:text/html}
}

@misc{noauthor_notitle_nodate,
	url = {http://sentinella.ch/de/info},
	urldate = {2017-06-24},
	file = {:/home/drosoneuro/.zotero/zotero/q7gual83.default/zotero/storage/SKBNQ8XT/info.html:text/html}
}

@misc{centers_for_disease_control_and_prevention_overview_2016,
	title = {Overview of {Influenza} {Surveillance} in the {United} {States}{\textbar} {Seasonal} {Influenza} ({Flu}) {\textbar} {CDC}},
	url = {https://www.cdc.gov/flu/weekly/overview.htm},
	urldate = {2017-06-24},
	journal = {www.cdc.gov},
	author = {Centers for Disease Control {and} Prevention},
	month = oct,
	year = {2016},
	file = {Overview of Influenza Surveillance in the United States| Seasonal Influenza (Flu) | CDC:/home/drosoneuro/.zotero/zotero/q7gual83.default/zotero/storage/EJ6CVPU2/overview.html:text/html}
}

@misc{bundesamt_fur_gesundheit_saisonale_2016-1,
	title = {Saisonale {Grippe} - {Lagebericht} {Schweiz}},
	url = {https://www.bag.admin.ch/bag/de/home/themen/mensch-gesundheit/uebertragbare-krankheiten/ausbrueche-epidemien-pandemien/aktuelle-ausbrueche-epidemien/saisonale-grippe---lagebericht-schweiz.html},
	urldate = {2017-06-24},
	journal = {www.bag.admin.ch},
	author = {Bundesamt für Gesundheit},
	month = dec,
	year = {2016},
	file = {Saisonale Grippe - Lagebericht Schweiz:/home/drosoneuro/.zotero/zotero/q7gual83.default/zotero/storage/ZZECG8FC/saisonale-grippe---lagebericht-schweiz.html:text/html}
}

@article{lampos_advances_2015,
	title = {Advances in nowcasting influenza-like illness rates using search query logs},
	volume = {5},
	issn = {2045-2322},
	url = {http://www.nature.com/articles/srep12760},
	doi = {10.1038/srep12760},
	urldate = {2016-10-07},
	journal = {Scientific Reports},
	author = {Lampos, Vasileios and Miller, Andrew C. and Crossan, Steve and Stefansen, Christian},
	month = aug,
	year = {2015},
	pages = {12760},
	file = {srep12760.pdf:/home/drosoneuro/.zotero/zotero/q7gual83.default/zotero/storage/SI7BM6A8/srep12760.pdf:application/pdf}
}

@article{cook_assessing_2011,
	title = {Assessing {Google} {Flu} {Trends} {Performance} in the {United} {States} during the 2009 {Influenza} {Virus} {A} ({H}1N1) {Pandemic}},
	volume = {6},
	issn = {1932-6203},
	url = {http://dx.plos.org/10.1371/journal.pone.0023610},
	doi = {10.1371/journal.pone.0023610},
	language = {en},
	number = {8},
	urldate = {2016-10-07},
	journal = {PLoS ONE},
	author = {Cook, Samantha and Conrad, Corrie and Fowlkes, Ashley L. and Mohebbi, Matthew H.},
	editor = {Cowling, Benjamin J.},
	month = aug,
	year = {2011},
	pages = {e23610},
	file = {asset.pdf:/home/drosoneuro/.zotero/zotero/q7gual83.default/zotero/storage/FMK5KW2J/asset.pdf:application/pdf}
}

@article{isabellebolon_precision_nodate,
	title = {Precision global health in the digital age},
	url = {https://smw.ch/resource/jf/journal/file/download/article/smw.2017.14423/14423.pdf/},
	urldate = {2017-05-12},
	author = {IsabelleBolon, AFAGIGPJ and Escher, MarcelSalathé Gérard},
	file = {14423.pdf:/home/drosoneuro/.zotero/zotero/q7gual83.default/zotero/storage/2Q4H45RH/14423.pdf:application/pdf}
}

@article{lopez_pineda_comparison_2015,
	title = {Comparison of machine learning classifiers for influenza detection from emergency department free-text reports},
	volume = {58},
	issn = {15320464},
	url = {http://linkinghub.elsevier.com/retrieve/pii/S1532046415001872},
	doi = {10.1016/j.jbi.2015.08.019},
	language = {en},
	urldate = {2017-02-17},
	journal = {Journal of Biomedical Informatics},
	author = {López Pineda, Arturo and Ye, Ye and Visweswaran, Shyam and Cooper, Gregory F. and Wagner, Michael M. and Tsui, Fuchiang (Rich)},
	month = dec,
	year = {2015},
	keywords = {unread},
	pages = {60--69},
	file = {1-s2.0-S1532046415001872-main.pdf:/home/drosoneuro/.zotero/zotero/q7gual83.default/zotero/storage/JX59DBRE/1-s2.0-S1532046415001872-main.pdf:application/pdf}
}

@article{santillana_cloud-based_2016,
	title = {Cloud-based {Electronic} {Health} {Records} for {Real}-time, {Region}-specific {Influenza} {Surveillance}},
	volume = {6},
	issn = {2045-2322},
	url = {http://www.nature.com/articles/srep25732},
	doi = {10.1038/srep25732},
	urldate = {2017-03-08},
	journal = {Scientific Reports},
	author = {Santillana, M. and Nguyen, A. T. and Louie, T. and Zink, A. and Gray, J. and Sung, I. and Brownstein, J. S.},
	month = may,
	year = {2016},
	keywords = {unread},
	pages = {25732},
	file = {srep25732.pdf:/home/drosoneuro/.zotero/zotero/q7gual83.default/zotero/storage/IIESJG7V/srep25732.pdf:application/pdf}
}

@misc{noauthor_dc4c6ba346a6fbc49f6ff1627f384e7cc49a.pdf_nodate,
	title = {dc4c6ba346a6fbc49f6ff1627f384e7cc49a.pdf},
	url = {https://pdfs.semanticscholar.org/54f6/dc4c6ba346a6fbc49f6ff1627f384e7cc49a.pdf},
	urldate = {2017-03-09},
	file = {dc4c6ba346a6fbc49f6ff1627f384e7cc49a.pdf:/home/drosoneuro/.zotero/zotero/q7gual83.default/zotero/storage/N6FRX2GH/dc4c6ba346a6fbc49f6ff1627f384e7cc49a.pdf:application/pdf}
}

@inproceedings{ciglan_wikipop:_2010,
	title = {{WikiPop}: personalized event detection system based on {Wikipedia} page view statistics},
	shorttitle = {{WikiPop}},
	url = {http://dl.acm.org/citation.cfm?id=1871769},
	urldate = {2017-03-10},
	booktitle = {Proceedings of the 19th {ACM} international conference on {Information} and knowledge management},
	publisher = {ACM},
	author = {Ciglan, Marek and Nørv{\textbackslash}a ag, Kjetil},
	year = {2010},
	pages = {1931--1932},
	file = {CIKM2010demo.pdf:/home/drosoneuro/.zotero/zotero/q7gual83.default/zotero/storage/EVHQXPAA/CIKM2010demo.pdf:application/pdf}
}

@article{laurent_seeking_2009,
	title = {Seeking {Health} {Information} {Online}: {Does} {Wikipedia} {Matter}?},
	volume = {16},
	issn = {1067-5027, 1527-974X},
	shorttitle = {Seeking {Health} {Information} {Online}},
	url = {https://academic.oup.com/jamia/article-lookup/doi/10.1197/jamia.M3059},
	doi = {10.1197/jamia.M3059},
	language = {en},
	number = {4},
	urldate = {2017-03-10},
	journal = {Journal of the American Medical Informatics Association},
	author = {Laurent, M. R. and Vickers, T. J.},
	month = jul,
	year = {2009},
	pages = {471--479},
	file = {16-4-471.pdf:/home/drosoneuro/.zotero/zotero/q7gual83.default/zotero/storage/DKJR6WG7/16-4-471.pdf:application/pdf}
}

@inproceedings{paul_worldwide_2015,
	title = {Worldwide influenza surveillance through twitter},
	url = {https://pdfs.semanticscholar.org/6327/7acf07927625df96e668b8e812e6781f2a6b.pdf},
	urldate = {2017-06-16},
	booktitle = {{AAAI} {Workshop} on the {World} {Wide} {Web} and {Public} {Health} {Intelligence}},
	author = {Paul, Michael and Dredze, Mark and Broniatowski, David and Generous, Nicholas},
	year = {2015},
	file = {10255.pdf:/home/drosoneuro/.zotero/zotero/q7gual83.default/zotero/storage/GUGDD72Z/10255.pdf:application/pdf}
}

@inproceedings{aramaki_twitter_2011,
	title = {Twitter catches the flu: detecting influenza epidemics using {Twitter}},
	shorttitle = {Twitter catches the flu},
	url = {http://dl.acm.org/citation.cfm?id=2145600},
	urldate = {2017-06-16},
	booktitle = {Proceedings of the conference on empirical methods in natural language processing},
	publisher = {Association for Computational Linguistics},
	author = {Aramaki, Eiji and Maskawa, Sachiko and Morita, Mizuki},
	year = {2011},
	pages = {1568--1576},
	file = {p1568-aramaki.pdf:/home/drosoneuro/.zotero/zotero/q7gual83.default/zotero/storage/F63C755F/p1568-aramaki.pdf:application/pdf}
}

@inproceedings{lamb_separating_2013-1,
	title = {Separating {Fact} from {Fear}: {Tracking} {Flu} {Infections} on {Twitter}.},
	shorttitle = {Separating {Fact} from {Fear}},
	url = {http://www.aclweb.org/anthology/N/N13/N13-1097.pdf},
	urldate = {2017-06-16},
	booktitle = {{HLT}-{NAACL}},
	author = {Lamb, Alex and Paul, Michael J. and Dredze, Mark},
	year = {2013},
	pages = {789--795},
	file = {N13-1097.pdf:/home/drosoneuro/.zotero/zotero/q7gual83.default/zotero/storage/UZCHRAQN/N13-1097.pdf:application/pdf}
}

@inproceedings{achrekar_predicting_2011,
	title = {Predicting {Flu} {Trends} using {Twitter} data},
	doi = {10.1109/INFCOMW.2011.5928903},
	abstract = {Reducing the impact of seasonal influenza epidemics and other pandemics such as the H1N1 is of paramount importance for public health authorities. Studies have shown that effective interventions can be taken to contain the epidemics if early detection can be made. Traditional approach employed by the Centers for Disease Control and Prevention (CDC) includes collecting influenza-like illness (ILI) activity data from “sentinel” medical practices. Typically there is a 1-2 week delay between the time a patient is diagnosed and the moment that data point becomes available in aggregate ILI reports. In this paper we present the Social Network Enabled Flu Trends (SNEFT) framework, which monitors messages posted on Twitter with a mention of flu indicators to track and predict the emergence and spread of an influenza epidemic in a population. Based on the data collected during 2009 and 2010, we find that the volume of flu related tweets is highly correlated with the number of ILI cases reported by CDC. We further devise auto-regression models to predict the ILI activity level in a population. The models predict data collected and published by CDC, as the percentage of visits to “sentinel” physicians attributable to ILI in successively weeks. We test models with previous CDC data, with and without measures of Twitter data, showing that Twitter data can substantially improve the models prediction accuracy. Therefore, Twitter data provides real-time assessment of ILI activity.},
	booktitle = {2011 {IEEE} {Conference} on {Computer} {Communications} {Workshops} ({INFOCOM} {WKSHPS})},
	author = {Achrekar, H. and Gandhe, A. and Lazarus, R. and Yu, Ssu-Hsin and Liu, B.},
	month = apr,
	year = {2011},
	keywords = {autoregression models, Centers for Disease Control and Prevention, Correlation, data handling, Data models, Delay, diseases, flu trend prediction, H1N1, ILI activity, influenza epidemics, influenza-like illness activity data, medical computing, Medical services, Predictive models, public health authorities, Real time systems, regression analysis, social network enabled flu trends framework, social networking (online), Twitter, Twitter data},
	pages = {702--707},
	file = {IEEE Xplore Full Text PDF:/home/drosoneuro/.zotero/zotero/q7gual83.default/zotero/storage/F5AE47TC/Achrekar et al. - 2011 - Predicting Flu Trends using Twitter data.pdf:application/pdf}
}

@inproceedings{lampos_tracking_2010,
	title = {Tracking the flu pandemic by monitoring the social web},
	doi = {10.1109/CIP.2010.5604088},
	abstract = {Tracking the spread of an epidemic disease like seasonal or pandemic influenza is an important task that can reduce its impact and help authorities plan their response. In particular, early detection and geolocation of an outbreak are important aspects of this monitoring activity. Various methods are routinely employed for this monitoring, such as counting the consultation rates of general practitioners. We report on a monitoring tool to measure the prevalence of disease in a population by analysing the contents of social networking tools, such as Twitter. Our method is based on the analysis of hundreds of thousands of tweets per day, searching for symptom-related statements, and turning statistical information into a flu-score. We have tested it in the United Kingdom for 24 weeks during the H1N1 flu pandemic. We compare our flu-score with data from the Health Protection Agency, obtaining on average a statistically significant linear correlation which is greater than 95\%. This method uses completely independent data to that commonly used for these purposes, and can be used at close time intervals, hence providing inexpensive and timely information about the state of an epidemic.},
	booktitle = {2010 2nd {International} {Workshop} on {Cognitive} {Information} {Processing}},
	author = {Lampos, V. and Cristianini, N.},
	month = jun,
	year = {2010},
	keywords = {Correlation, diseases, epidemic disease, Feature extraction, flu pandemic tracking, H1N1 flu pandemic, Internet, Linear regression, medical information systems, Monitoring, pandemic influenza, patient monitoring, social networking (online), social networking tools, social Web monitoring, Time series analysis, Training, Twitter},
	pages = {411--416},
	file = {IEEE Xplore Full Text PDF:/home/drosoneuro/.zotero/zotero/q7gual83.default/zotero/storage/X842CGC8/Lampos and Cristianini - 2010 - Tracking the flu pandemic by monitoring the social.pdf:application/pdf}
}

@article{wang_regional_2016,
	title = {Regional {Level} {Influenza} {Study} with {Geo}-{Tagged} {Twitter} {Data}},
	volume = {40},
	issn = {0148-5598, 1573-689X},
	url = {http://link.springer.com/10.1007/s10916-016-0545-y},
	doi = {10.1007/s10916-016-0545-y},
	language = {en},
	number = {8},
	urldate = {2017-06-16},
	journal = {Journal of Medical Systems},
	author = {Wang, Feng and Wang, Haiyan and Xu, Kuai and Raymond, Ross and Chon, Jaime and Fuller, Shaun and Debruyn, Anton},
	month = aug,
	year = {2016},
	file = {art%3A10.1007%2Fs10916-016-0545-y.pdf:/home/drosoneuro/.zotero/zotero/q7gual83.default/zotero/storage/FAVDINM8/art%3A10.1007%2Fs10916-016-0545-y.pdf:application/pdf}
}

@article{yun_social_2016,
	title = {Social media and flu: {Media} {Twitter} accounts as agenda setters},
	volume = {91},
	issn = {13865056},
	shorttitle = {Social media and flu},
	url = {http://linkinghub.elsevier.com/retrieve/pii/S1386505616300661},
	doi = {10.1016/j.ijmedinf.2016.04.009},
	language = {en},
	urldate = {2017-06-16},
	journal = {International Journal of Medical Informatics},
	author = {Yun, Gi Woong and Morin, David and Park, Sanghee and Joa, Claire Youngnyo and Labbe, Brett and Lim, Jongsoo and Lee, Sooyoung and Hyun, Daewon},
	month = jul,
	year = {2016},
	pages = {67--73},
	file = {1-s2.0-S1386505616300661-main.pdf:/home/drosoneuro/.zotero/zotero/q7gual83.default/zotero/storage/RGNINF3K/1-s2.0-S1386505616300661-main.pdf:application/pdf}
}

@article{paul_twitter_2014,
	title = {Twitter {Improves} {Influenza} {Forecasting}},
	issn = {2157-3999},
	url = {http://currents.plos.org/outbreaks/?p=39911},
	doi = {10.1371/currents.outbreaks.90b9ed0f59bae4ccaa683a39865d9117},
	language = {en},
	urldate = {2017-06-17},
	journal = {PLoS Currents},
	author = {Paul, Michael J. and Dredze, Mark and Broniatowski, David},
	year = {2014},
	file = {Twitter Improves Influenza Forecasting – PLOS Currents Outbreaks.pdf:/home/drosoneuro/.zotero/zotero/q7gual83.default/zotero/storage/GH8Q9WH4/Twitter Improves Influenza Forecasting – PLOS Currents Outbreaks.pdf:application/pdf}
}

@misc{noauthor_overview.pdf_nodate,
	title = {overview.pdf},
	url = {https://www.cdc.gov/flu/pdf/weekly/overview.pdf},
	urldate = {2017-03-04},
	file = {overview.pdf:/home/drosoneuro/.zotero/zotero/q7gual83.default/zotero/storage/UKT6WJXH/overview.pdf:application/pdf}
}

@article{lewin-koh_hexagon_2011,
	title = {Hexagon binning: an overview},
	shorttitle = {Hexagon binning},
	url = {ftp://ftp.naist.jp/pub/lang/R/CRAN/web/packages/hexbin/vignettes/hexagon_binning.pdf},
	urldate = {2017-02-05},
	journal = {Online: http://​ cran.​ r-project.​ org/​ web/​ packages/​ hexbin/​ vignettes/​ hexagon\_​ binning.​ pdf},
	author = {Lewin-Koh, Nicholas},
	year = {2011},
	file = {hexagon_binning.pdf:/home/drosoneuro/.zotero/zotero/q7gual83.default/zotero/storage/Q7GPV52A/hexagon_binning.pdf:application/pdf}
}

@article{murrell_integrating_2003,
	title = {Integrating grid graphics output with base graphics output},
	volume = {3},
	url = {ftp://155.232.191.133/cran/web/packages/gridBase/vignettes/gridBase.pdf},
	number = {2},
	urldate = {2017-02-10},
	journal = {R News},
	author = {Murrell, Paul},
	year = {2003},
	pages = {7--12},
	file = {gridBase.pdf:/home/drosoneuro/.zotero/zotero/q7gual83.default/zotero/storage/BE3NQS9B/gridBase.pdf:application/pdf}
}

@article{murrell_grid_2007,
	title = {grid {Graphics}},
	url = {https://projects.cs.kent.ac.uk/projects/cxxr/svn/tags/0.15-2.7.1/src/library/grid/inst/doc/grid.pdf},
	urldate = {2017-02-10},
	author = {Murrell, Paul},
	year = {2007},
	file = {grid.pdf:/home/drosoneuro/.zotero/zotero/q7gual83.default/zotero/storage/7CPBGCDG/grid.pdf:application/pdf}
}

@article{zhou_fun_2010,
	title = {Fun with the r grid package},
	volume = {18},
	url = {https://pdfs.semanticscholar.org/2b19/14f0ea262e5a8dcd51d69e4e309c08441cf3.pdf},
	number = {3},
	urldate = {2017-02-10},
	journal = {Journal of Statistics Education},
	author = {Zhou, Lutong and Braun, W. John},
	year = {2010},
	pages = {1--35},
	file = {zhou.pdf:/home/drosoneuro/.zotero/zotero/q7gual83.default/zotero/storage/8GGS6UUK/zhou.pdf:application/pdf}
}

@article{deckmyn_package_2016,
	title = {Package ‘maps’},
	url = {ftp://202.141.160.110/CRAN/web/packages/maps/maps.pdf},
	urldate = {2017-02-10},
	author = {Deckmyn, Maintainer Alex},
	year = {2016},
	file = {maps.pdf:/home/drosoneuro/.zotero/zotero/q7gual83.default/zotero/storage/CWK6CDTD/maps.pdf:application/pdf}
}

@article{gu_testing_2008,
	title = {Testing the {Ratio} of {Two} {Poisson} {Rates}},
	volume = {50},
	issn = {1521-4036},
	url = {http://onlinelibrary.wiley.com/doi/10.1002/bimj.200710403/abstract},
	doi = {10.1002/bimj.200710403},
	abstract = {In this paper we compare the properties of four different general approaches for testing the ratio of two Poisson rates. Asymptotically normal tests, tests based on approximate p -values, exact conditional tests, and a likelihood ratio test are considered. The properties and power performance of these tests are studied by a Monte Carlo simulation experiment. Sample size calculation formulae are given for each of the test procedures and their validities are studied. Some recommendations favoring the likelihood ratio and certain asymptotic tests are based on these simulation results. Finally, all of the test procedures are illustrated with two real life medical examples. (© 2008 WILEY-VCH Verlag GmbH \& Co. KGaA, Weinheim)},
	language = {en},
	number = {2},
	journal = {Biometrical Journal},
	author = {Gu, Kangxia and Ng, Hon Keung Tony and Tang, Man Lai and Schucany, William R.},
	month = apr,
	year = {2008},
	keywords = {Asymptotic tests, Conditional test, Constrained maximum likelihood estimation, Level of significance, Mid-p, Monte Carlo simulation, Power},
	pages = {283--298},
	file = {Full Text PDF:/home/drosoneuro/.zotero/zotero/q7gual83.default/zotero/storage/ENDAU4EN/Gu et al. - 2008 - Testing the Ratio of Two Poisson Rates.pdf:application/pdf}
}

@article{bedau_emergent_1997,
	title = {Emergent {Models} of {Supple} {Dynamics} in {Life} and {Mind}},
	volume = {34},
	url = {http://ac.els-cdn.com/S0278262697909040/1-s2.0-S0278262697909040-main.pdf?_tid=16c6df20-33bc-11e6-a483-00000aacb35f&acdnat=1466079541_49cf8df3c744689b87f7202492cebc3b},
	number = {1},
	urldate = {2016-06-16},
	journal = {Brain and Cognition},
	author = {Bedau, Mark A.},
	year = {1997},
	pages = {5--27},
	file = {1-s2.0-S0278262697909040-main.pdf:/home/drosoneuro/.zotero/zotero/q7gual83.default/zotero/storage/SUWGD4KA/1-s2.0-S0278262697909040-main.pdf:application/pdf}
}

@inproceedings{rennie_tackling_2003,
	title = {Tackling the poor assumptions of naive bayes text classifiers},
	volume = {3},
	url = {http://www.aaai.org/Papers/ICML/2003/ICML03-081.pdf},
	urldate = {2016-04-03},
	booktitle = {{ICML}},
	publisher = {Washington DC)},
	author = {Rennie, Jason D. and Shih, Lawrence and Teevan, Jaime and Karger, David R. and {others}},
	year = {2003},
	keywords = {unread},
	pages = {616--623},
	file = {Rennie et al. 2003_TacklingThePoorAssumptionsOfNaiveBayesTextClassifiers .pdf:/home/drosoneuro/.zotero/zotero/q7gual83.default/zotero/storage/34D9XEHS/Rennie et al. 2003_TacklingThePoorAssumptionsOfNaiveBayesTextClassifiers .pdf:application/pdf}
}

@inproceedings{mccallum_comparison_1998,
	title = {A comparison of event models for naive bayes text classification},
	volume = {752},
	url = {http://citeseerx.ist.psu.edu/viewdoc/download?doi=10.1.1.65.9324&rep=rep1&type=pdf},
	urldate = {2016-04-03},
	booktitle = {{AAAI}-98 workshop on learning for text categorization},
	publisher = {Citeseer},
	author = {McCallum, Andrew and Nigam, Kamal and {others}},
	year = {1998},
	keywords = {unread},
	pages = {41--48},
	file = {McCallum & Nigam 1998_AComparisonOfEventModelsForNaiveBayesTextClassifcation.pdf:/home/drosoneuro/.zotero/zotero/q7gual83.default/zotero/storage/6MIR6RFT/McCallum & Nigam 1998_AComparisonOfEventModelsForNaiveBayesTextClassifcation.pdf:application/pdf}
}

@inproceedings{lewis_comparison_1994,
	title = {A comparison of two learning algorithms for text categorization},
	volume = {33},
	url = {https://www.researchgate.net/profile/Marc_Ringuette2/publication/2249086_A_Comparison_of_Two_Learning_Algorithms_for_Text_Categorization/links/0c960522fa7b8d14e1000000.pdf},
	urldate = {2016-04-03},
	booktitle = {Third annual symposium on document analysis and information retrieval},
	author = {Lewis, David D. and Ringuette, Marc},
	year = {1994},
	keywords = {unread},
	pages = {81--93},
	file = {Lewis and Ringuette 1994_AComparisonOfTwoLearningAlgorithms.pdf:/home/drosoneuro/.zotero/zotero/q7gual83.default/zotero/storage/RPFN5XUJ/Lewis and Ringuette 1994_AComparisonOfTwoLearningAlgorithms.pdf:application/pdf}
}

@article{weston_support_2014,
	title = {Support {Vector} {Machine}},
	volume = {10},
	url = {http://pumbud4cast.googlecode.com/svn/trunk/ReviewPaper/Paper-TechTools/SVMTheory/jason_svm_tutorial.pdf},
	urldate = {2016-04-03},
	journal = {Tutorial, http://www. cs. columbia. edu/∼ kathy/cs4701/documents/jason\_svm\_tutorial. pdf, accessed},
	author = {Weston, Jason},
	year = {2014},
	keywords = {unread},
	file = {jason_svm_tutorial.pdf:/home/drosoneuro/.zotero/zotero/q7gual83.default/zotero/storage/J5A7PGFF/jason_svm_tutorial.pdf:application/pdf}
}

@article{burges_tutorial_1998,
	title = {A tutorial on support vector machines for pattern recognition},
	volume = {2},
	url = {http://link.springer.com/article/10.1023/A:1009715923555},
	number = {2},
	urldate = {2016-04-03},
	journal = {Data mining and knowledge discovery},
	author = {Burges, Christopher JC},
	year = {1998},
	keywords = {unread},
	pages = {121--167},
	file = {Burges 1998_SupportVectorMachines.pdf:/home/drosoneuro/.zotero/zotero/q7gual83.default/zotero/storage/F5PSVH8Z/Burges 1998_SupportVectorMachines.pdf:application/pdf}
}

@article{moguerza_support_2006,
	title = {Support {Vector} {Machines} with {Applications}},
	volume = {21},
	issn = {0883-4237},
	url = {http://projecteuclid.org/getRecord?id=euclid.ss/1166642435},
	doi = {10.1214/088342306000000493},
	language = {en},
	number = {3},
	urldate = {2016-04-03},
	journal = {Statistical Science},
	author = {Moguerza, Javier M. and Muñoz, Alberto},
	month = aug,
	year = {2006},
	keywords = {unread},
	pages = {322--336},
	file = {euclid.ss.1166642435.pdf:/home/drosoneuro/.zotero/zotero/q7gual83.default/zotero/storage/9IRIB5FT/euclid.ss.1166642435.pdf:application/pdf}
}

@article{law_simple_2006,
	title = {A simple introduction to support vector machines},
	volume = {802},
	url = {http://www.cise.ufl.edu/class/cis4930fa15idm/notes/intro_svm_new.pdf},
	urldate = {2016-04-03},
	journal = {Lecture for CSE},
	author = {Law, Martin},
	year = {2006},
	keywords = {unread},
	file = {intro_svm_new.pdf:/home/drosoneuro/.zotero/zotero/q7gual83.default/zotero/storage/3WVJZRNG/intro_svm_new.pdf:application/pdf}
}