@book{rothman2012epidemiology,
  title={Epidemiology: an introduction},
  author={Rothman, Kenneth J},
  year={2012},
  publisher={Oxford university press}
}

@book{koepsell2014epidemiologic,
  title={Epidemiologic methods: studying the occurrence of illness},
  author={Koepsell, Thomas D and Weiss, Noel S},
  year={2014},
  publisher={Oxford University Press (UK)}
}

@book{bailey2005introduction,
  title={Introduction to epidemiology},
  author={Bailey, Lucianne and Vardulaki, Katerina and Langham, Julia and Chandramohan, Daniel},
  year={2005},
  publisher={Open University Press London}
}

@article{heesterbeek2002brief,
  title={A brief history of R 0 and a recipe for its calculation},
  author={Heesterbeek, Johan Andre Peter},
  journal={Acta biotheoretica},
  volume={50},
  number={3},
  pages={189--204},
  year={2002},
  publisher={Springer}
}

@incollection{martcheva2015introduction,
  title={Introduction to Epidemic Modeling},
  author={Martcheva, Maia},
  booktitle={An Introduction to Mathematical Epidemiology},
  pages={9--31},
  year={2015},
  publisher={Springer}
}
