
@article{sloan_who_2015,
	title = {Who {Tweets} with {Their} {Location}? {Understanding} the {Relationship} between {Demographic} {Characteristics} and the {Use} of {Geoservices} and {Geotagging} on {Twitter}},
	volume = {10},
	issn = {1932-6203},
	shorttitle = {Who {Tweets} with {Their} {Location}?},
	url = {http://dx.plos.org/10.1371/journal.pone.0142209},
	doi = {10.1371/journal.pone.0142209},
	language = {en},
	number = {11},
	urldate = {2017-08-14},
	journal = {PLOS ONE},
	author = {Sloan, Luke and Morgan, Jeffrey},
	editor = {Preis, Tobias},
	month = nov,
	year = {2015},
	pages = {e0142209},
	file = {Sloan and Morgan - 2015 - Who Tweets with Their Location Understanding the .pdf:/home/drosoneuro/Zotero/storage/DQBZ99HB/Sloan and Morgan - 2015 - Who Tweets with Their Location Understanding the .pdf:application/pdf}
}