  @Manual{Rbase,
    title = {R: A Language and Environment for Statistical Computing},
    author = {{R Core Team}},
    organization = {R Foundation for Statistical Computing},
    address = {Vienna, Austria},
    year = {2017},
    url = {https://www.R-project.org/},
  }

  @Manual{datatable,
    title = {data.table: Extension of `data.frame`},
    author = {Matt Dowle and Arun Srinivasan},
    year = {2017},
    note = {R package version 1.10.4},
    url = {https://CRAN.R-project.org/package=data.table},
  }

  @Article{bigmemory,
    title = {Scalable Strategies for Computing with Massive Data},
    author = {Michael J. Kane and John Emerson and Stephen Weston},
    journal = {Journal of Statistical Software},
    year = {2013},
    volume = {55},
    number = {14},
    pages = {1--19},
    url = {http://www.jstatsoft.org/v55/i14/},
}

  @Manual{cdcfluview,
    title = {cdcfluview: Retrieve U.S. Flu Season Data from the CDC FluView Portal},
    author = {Bob Rudis},
    year = {2016},
    note = {R package version 0.5.1},
    url = {https://CRAN.R-project.org/package=cdcfluview},
  }

@Article{forecast,
  title = {Automatic time series forecasting: the forecast package for {R}},
  author = {Rob J Hyndman and Yeasmin Khandakar},
  journal = {Journal of Statistical Software},
  volume = {26},
  number = {3},
  pages = {1--22},
  year = {2008},
  url = {http://www.jstatsoft.org/article/view/v027i03},

